%! Author = Geno Chen
%! Date = 2022-07-17
@www{esr,
    author = {Eric Steven Raymond},
    title = {How To Ask Questions The Smart Way},
    date = {2014-03-21},
    url = {http://www.catb.org/~esr/faqs/smart-questions.html}
}

@book{wujin,
    author = {甄鸾},
    title = {五经算术},
    year = {北周},
    url = {https://ctext.org/wiki.pl?if=gb&res=835362&remap=gb}
}

@book{sunzi,
    author = {孙子},
    title = {孙子算经},
    year = {四世纪},
    url = {https://ctext.org/sunzi-suan-jing/zhs},
}

@book{shulijinyun,
    author = {允祉},
    title = {御制数理精蕴},
    year = {1722},
    url = {https://ctext.org/wiki.pl?if=gb&res=933279&remap=gb},
}
